@inproceedings{mentzelopoulos2015hardware,
  title={Hardware Interfaces for VR Applications: Evaluation on Prototypes},
  author={Mentzelopoulos, Markos and Tarpini, Filippo and Emanuele, Agazio and Protopsaltis, Aristidis},
  booktitle={Computer and Information Technology; Ubiquitous Computing and Communications; Dependable, Autonomic and Secure Computing; Pervasive Intelligence and Computing (CIT/IUCC/DASC/PICOM), 2015 IEEE International Conference on},
  pages={1578--1583},
  year={2015},
  organization={IEEE}
}

@inproceedings{hvannberg2012exploitation,
  title={Exploitation of heuristics for virtual environments},
  author={Hvannberg, Ebba Thora and Halld{\'o}rsd{\'o}ttir, Gyda and Rudinsky, Jan},
  booktitle={Proceedings of the 7th Nordic Conference on Human-Computer Interaction: Making Sense Through Design},
  pages={308--317},
  year={2012},
  organization={ACM}
}


@inproceedings{venta2014investigating,
  title={Investigating the balance between virtuality and reality in mobile mixed reality UI design: user perception of an augmented city},
  author={Vent{\"a}-Olkkonen, Leena and Posti, Maaret and Koskenranta, Olli and H{\"a}kkil{\"a}, Jonna},
  booktitle={Proceedings of the 8th Nordic Conference on Human-Computer Interaction: Fun, Fast, Foundational},
  pages={137--146},
  year={2014},
  organization={ACM}
}

@article{won2015homuncular,
  title={Homuncular flexibility in virtual reality},
  author={Won, Andrea Stevenson and Bailenson, Jeremy and Lee, Jimmy and Lanier, Jaron},
  journal={Journal of Computer-Mediated Communication},
  volume={20},
  number={3},
  pages={241--259},
  year={2015},
  publisher={Wiley Online Library}
}

@inproceedings{rosa2016re,
  title={(Re-) examination of multimodal augmented reality},
  author={Rosa, NE and Werkhoven, Peter J and H{\"u}rst, WO},
  booktitle={MVAR'16: Proceedings of the 2016 workshop on Multimodal Virtual and Augmented Reality},
  year={2016},
  organization={ACM}
}

@article{madary2016real,
  title={Real virtuality: a code of ethical conduct. recommendations for good scientific practice and the consumers of vr-technology},
  author={Madary, Michael and Metzinger, Thomas K},
  journal={Frontiers in Robotics and AI},
  volume={3},
  pages={3},
  year={2016},
  publisher={Frontiers}
}
%
@inproceedings{walter2000incremental,
  title={An incremental approach towards automatic model acquisition for human gesture recognition},
  author={Walter, Michael and Psarrou, Alexandra and Gong, Shaogang},
  booktitle={Human Motion, 2000. Proceedings. Workshop on},
  pages={39--44},
  year={2000},
  organization={IEEE}
}

@inproceedings{nielsen2003procedure,
  title={A procedure for developing intuitive and ergonomic gesture interfaces for man-machine interaction},
  author={Nielsen, Michael and St{\"o}rring, Moritz and Moeslund, Thomas B and Granum, Erik},
  booktitle={Proceedings of the 5th International Gesture Workshop},
  pages={1--12},
  year={2003}
}

@inproceedings{oskoei2009application,
  title={Application of feature tracking in a vision based human machine interface for Xbox},
  author={Oskoei, Mohammadreza Asghari and Hu, Huosheng},
  booktitle={Robotics and Biomimetics (ROBIO), 2009 IEEE International Conference on},
  pages={1738--1743},
  year={2009},
  organization={IEEE}
}

@inproceedings{keir2006gesture,
  title={Gesture-recognition with non-referenced tracking},
  author={Keir, Paul and Payne, John and Elgoyhen, Jocelyn and Horner, Martyn and Naef, Martin and Anderson, Paul},
  booktitle={3D User Interfaces, 2006. 3DUI 2006. IEEE Symposium on},
  pages={151--158},
  year={2006},
  organization={IEEE}
}
%
@article{sutcliffe2000evaluating,
  title={Evaluating the usability of virtual reality user interfaces},
  author={Sutcliffe, Alistair G and Kaur, K Deol},
  journal={Behaviour \& Information Technology},
  volume={19},
  number={6},
  pages={415--426},
  year={2000},
  publisher={Taylor \& Francis}
}

@article{bowman2002survey,
  title={A survey of usability evaluation in virtual environments: classification and comparison of methods},
  author={Bowman, Doug A and Gabbard, Joseph L and Hix, Deborah},
  journal={Presence: Teleoperators and Virtual Environments},
  volume={11},
  number={4},
  pages={404--424},
  year={2002},
  publisher={MIT Press}
}

@article{blackledge2012evaluation,
  title={Evaluation of a prototype desktop virtual reality model developed to enhance electrical safety and design in the built environment},
  author={Blackledge, Jonathan and Barrett, Martin},
  year={2012},
  publisher={Dublin Institute of Technology}
}

@inproceedings{john1998traditional,
  title={Why'traditional'HCI techniques fail to support desktop VR},
  author={John, C},
  booktitle={The 3D Interface for the Information Worker (Digest No. 1998/437), IEE Colloquium on},
  pages={1--1},
  year={1998},
  organization={IET}
}
%
@article{azuma1993tracking,
  title={Tracking requirements for augmented reality},
  author={Azuma, Ronald},
  journal={Communications of the ACM},
  volume={36},
  number={7},
  pages={50--51},
  year={1993},
  publisher={ACM}
}

@inproceedings{de2012mobile,
  title={Mobile augmented reality: exploring design and prototyping techniques},
  author={De S{\'a}, Marco and Churchill, Elizabeth},
  booktitle={Proceedings of the 14th international conference on Human-computer interaction with mobile devices and services},
  pages={221--230},
  year={2012},
  organization={ACM}
}

@inproceedings{venta2012user,
  title={User expectations of mobile mixed reality service content},
  author={Vent{\"a}-Olkkonen, Leena and Posti, Maaret and Koskenranta, Olli and H{\"a}kkil{\"a}, Jonna},
  booktitle={Proceedings of the 11th International Conference on Mobile and Ubiquitous Multimedia},
  pages={52},
  year={2012},
  organization={ACM}
}

@inproceedings{olsson2012narratives,
  title={Narratives of satisfying and unsatisfying experiences of current mobile augmented reality applications},
  author={Olsson, Thomas and Salo, Markus},
  booktitle={Proceedings of the SIGCHI conference on human factors in computing systems},
  pages={2779--2788},
  year={2012},
  organization={ACM}
}
%
@article{bianchi2013understanding,
  title={Understanding the role of body movement in player engagement},
  author={Bianchi-Berthouze, Nadia},
  journal={Human--Computer Interaction},
  volume={28},
  number={1},
  pages={40--75},
  year={2013},
  publisher={Taylor \& Francis}
}

@article{biocca1997cyborg,
  title={The cyborg's dilemma: Progressive embodiment in virtual environments},
  author={Biocca, Frank},
  journal={Journal of Computer-Mediated Communication},
  volume={3},
  number={2},
  pages={0--0},
  year={1997},
  publisher={Wiley Online Library}
}

@article{kilteni2012extending,
  title={Extending body space in immersive virtual reality: a very long arm illusion},
  author={Kilteni, Konstantina and Normand, Jean-Marie and Sanchez-Vives, Maria V and Slater, Mel},
  journal={PloS one},
  volume={7},
  number={7},
  pages={e40867},
  year={2012},
  publisher={Public Library of Science}
}

@article{skalski2011mapping,
  title={Mapping the road to fun: Natural video game controllers, presence, and game enjoyment},
  author={Skalski, Paul and Tamborini, Ron and Shelton, Ashleigh and Buncher, Michael and Lindmark, Pete},
  journal={New Media \& Society},
  volume={13},
  number={2},
  pages={224--242},
  year={2011},
  publisher={SAGE Publications Sage UK: London, England}
}
%
@article{azuma2001recent,
  title={Recent advances in augmented reality},
  author={Azuma, Ronald and Baillot, Yohan and Behringer, Reinhold and Feiner, Steven and Julier, Simon and MacIntyre, Blair},
  journal={IEEE computer graphics and applications},
  volume={21},
  number={6},
  pages={34--47},
  year={2001},
  publisher={IEEE}
}

@inproceedings{kalawsky2000taxonomy,
  title={A taxonomy of technology: Defining augmented reality},
  author={Kalawsky, RS and Stedmon, AW and Hill, K and Cook, CA},
  booktitle={Proceedings of the human factors and ergonomics society annual meeting},
  volume={44},
  number={5},
  pages={507--510},
  year={2000},
  organization={SAGE Publications Sage CA: Los Angeles, CA}
}

@inproceedings{lindeman2007classification,
  title={A classification scheme for multi-sensory augmented reality},
  author={Lindeman, Robert W and Noma, Haruo},
  booktitle={Proceedings of the 2007 ACM symposium on Virtual reality software and technology},
  pages={175--178},
  year={2007},
  organization={ACM}
}

@article{van2005waypoint,
  title={Waypoint navigation with a vibrotactile waist belt},
  author={Van Erp, Jan BF and Van Veen, Hendrik AHC and Jansen, Chris and Dobbins, Trevor},
  journal={ACM Transactions on Applied Perception (TAP)},
  volume={2},
  number={2},
  pages={106--117},
  year={2005},
  publisher={ACM}
}
%
@article{yoon2014know,
  title={Know thy avatar: The unintended effect of virtual-self representation on behavior},
  author={Yoon, Gunwoo and Vargas, Patrick T},
  journal={Psychological science},
  volume={25},
  number={4},
  pages={1043--1045},
  year={2014},
  publisher={Sage Publications Sage CA: Los Angeles, CA}
}

@inproceedings{steinicke2014self,
  title={A self-experimentation report about long-term use of fully-immersive technology},
  author={Steinicke, Frank and Bruder, Gerd},
  booktitle={Proceedings of the 2nd ACM symposium on Spatial user interaction},
  pages={66--69},
  year={2014},
  organization={ACM}
}

@article{rothbaum2001virtual,
  title={Virtual reality exposure therapy for Vietnam veterans with posttraumatic stress disorder.},
  author={Rothbaum, Barbara O and Hodges, Larry F and Ready, David and Graap, Ken and Alarcon, Renato D},
  journal={The Journal of clinical psychiatry},
  year={2001},
  publisher={Physicians Postgraduate Press}
}

@article{milgram1994taxonomy,
  title={A taxonomy of mixed reality visual displays},
  author={Milgram, Paul and Kishino, Fumio},
  journal={IEICE TRANSACTIONS on Information and Systems},
  volume={77},
  number={12},
  pages={1321--1329},
  year={1994},
  publisher={The Institute of Electronics, Information and Communication Engineers}
}

@article{huang2013mobile,
  title={Mobile augmented reality survey: a bottom-up approach},
  author={Huang, Zhanpeng and Hui, Pan and Peylo, Christoph and Chatzopoulos, Dimitris},
  journal={arXiv preprint arXiv:1309.4413},
  year={2013}
}